% Encoding: windows-1252

@misc{redmon2016look,
      title={You Only Look Once: Unified, Real-Time Object Detection}, 
      author={Joseph Redmon and Santosh Divvala and Ross Girshick and Ali Farhadi},
      year={2016},
      eprint={1506.02640},
      archivePrefix={arXiv},
      primaryClass={cs.CV}
}

@misc{aharon2022botsort,
      title={BoT-SORT: Robust Associations Multi-Pedestrian Tracking}, 
      author={Nir Aharon and Roy Orfaig and Ben-Zion Bobrovsky},
      year={2022},
      eprint={2206.14651},
      archivePrefix={arXiv},
      primaryClass={cs.CV}
}

@misc{yu2016poi,
      title={POI: Multiple Object Tracking with High Performance Detection and Appearance Feature}, 
      author={Fengwei Yu and Wenbo Li and Quanquan Li and Yu Liu and Xiaohua Shi and Junjie Yan},
      year={2016},
      eprint={1610.06136},
      archivePrefix={arXiv},
      primaryClass={cs.CV}
}

@misc{Chen_2018,
   title={Real-Time Multiple People Tracking with Deeply Learned Candidate Selection and Person Re-Identification},
   url={http://dx.doi.org/10.1109/ICME.2018.8486597},
   publisher={IEEE},
   author={Chen, Long and Ai, Haizhou and Zhuang, Zijie and Shang, Chong},
   year={2018}
}

@misc{wojke2017simple,
      title={Simple Online and Realtime Tracking with a Deep Association Metric}, 
      author={Nicolai Wojke and Alex Bewley and Dietrich Paulus},
      year={2017},
      eprint={1703.07402},
      archivePrefix={arXiv},
      primaryClass={cs.CV}
}

@misc{august_wöhler,
   title={August Wöhler (1819 –1914)},
   url={https://onlinelibrary.wiley.com/doi/10.1002/stab.201900041},
   author={Prof. Dr.-Ing. Harald Zenner, Dr.-Ing. Karsten Hinkelmann},
   year={2019}
}

@book{fatigue_test,
    author = {Yung-Li Lee, Jwo Pan, Richard Hathaway and Mark Barkey},
    title = {Fatigue Testing And Analysis: Theory And Practice},
    publisher = {Elsevier Inc.},
    year = {2005},
    chapter = {4}
}

@book{specimens,
    author = {Yung-Li Lee, Jwo Pan, Richard Hathaway and Mark Barkey},
    title = {Fatigue Testing And Analysis: Theory And Practice},
    publisher = {Elsevier Inc.},
    year = {2005},
    chapter = {5.2.2}
}

@book{rosenblatt,
  title={Principles of Neurodynamics: Perceptrons and the Theory of Brain Mechanisms},
  author={Rosenblatt, F.},
  lccn={62012882},
  series={Cornell Aeronautical Laboratory. Report no. VG-1196-G-8},
  url={https://books.google.ca/books?id=7FhRAAAAMAAJ},
  year={1962},
  publisher={Spartan Books}
}

@book{organization-of-behavior-1949,
  title = {The organization of behavior: {A} neuropsychological theory},
  author = {Hebb, Donald O.},
  isbn = {0-8058-4300-0},
  publisher = {Wiley},
  year = 1949
}

@book{introAI,
  title = {An Introduction to Statistical Learning : with Applications in Python},
  author = {Gareth James, Daniela Witten, Trevor Hastie, Robert Tibshirani.},
  publisher = {New York :Springer},
  year = 2013
}

@software{yolov8_ultralytics,
  author = {Glenn Jocher and Ayush Chaurasia and Jing Qiu},
  title = {Ultralytics YOLOv8},
  version = {8.0.0},
  year = {2023},
  url = {https://github.com/ultralytics/ultralytics},
  orcid = {0000-0001-5950-6979, 0000-0002-7603-6750, 0000-0003-3783-7069},
  license = {AGPL-3.0}
}

@software{py-motmetrics,
  author = {Christoph Heindl},
  title = {py-motmetrics},
  url = {https://github.com/cheind/py-motmetrics},
  license = {MIT-Lisense}
}

@software{bochkovskiy2020yolov4,
      title={darknet}, 
      author={Alexey Bochkovskiy and Chien-Yao Wang and Hong-Yuan Mark Liao},
      year={2020},
      url = {https://github.com/AlexeyAB/darknet},
}

@misc{pascal-voc-2007,
	author = "Everingham, M. and Van~Gool, L. and Williams, C. K. I. and Winn, J. and Zisserman, A.",
	title = "The {PASCAL} {V}isual {O}bject {C}lasses {C}hallenge 2007 {(VOC2007)} {R}esults",
	howpublished = "http://www.pascal-network.org/challenges/VOC/voc2007/workshop/index.html"}

@misc{pascal-voc-2012,
	author = "Everingham, M. and Van~Gool, L. and Williams, C. K. I. and Winn, J. and Zisserman, A.",
	title = "The {PASCAL} {V}isual {O}bject {C}lasses {C}hallenge 2012 {(VOC2012)} {R}esults",
	howpublished = "http://www.pascal-network.org/challenges/VOC/voc2012/workshop/index.html"}	

@misc{zhang2022bytetrack,
      title={ByteTrack: Multi-Object Tracking by Associating Every Detection Box}, 
      author={Yifu Zhang and Peize Sun and Yi Jiang and Dongdong Yu and Fucheng Weng and Zehuan Yuan and Ping Luo and Wenyu Liu and Xinggang Wang},
      year={2022},
      eprint={2110.06864},
      archivePrefix={arXiv},
      primaryClass={cs.CV}
}

@misc{milan2016mot16,
      title={MOT16: A Benchmark for Multi-Object Tracking}, 
      author={Anton Milan and Laura Leal-Taixe and Ian Reid and Stefan Roth and Konrad Schindler},
      year={2016},
      eprint={1603.00831},
      archivePrefix={arXiv},
      primaryClass={cs.CV}
}

@misc{COCO,
      title={Microsoft COCO: Common Objects in Context}, 
      author={Tsung-Yi Lin and Michael Maire and Serge Belongie and Lubomir Bourdev and Ross Girshick and James Hays and Pietro Perona and Deva Ramanan and C. Lawrence Zitnick and Piotr Dollár},
      year={2015},
      eprint={1405.0312},
      archivePrefix={arXiv},
      primaryClass={cs.CV}
}
@book{PASCAL,
    title = "The PASCAL Visual Object Classes Challenge: A Retrospective",
    year = "2015",
    language = "English",
    volume = "111",
    pages = "98--136",
    journal = "International Journal of Computer Vision",
    issn = "0920-5691",
    publisher = "Springer Netherlands",
    number = "1",
}

@manual{zyklischePrüfung,
    title = {Zyklische Prüfung}, 
    author={Fraunhofer LBF}, 
    url={https://www.lbf.fraunhofer.de/de/profil/labore-und-ausstattung/Elastomerpruefung/ZyklischePruefung.html}
}

@misc{elastomeralterung,
      title={Wie altern Elastomere? Fraunhofer LBF hat maßgeschneiderte Prüfprozeduren entwickelt}, 
      author={Riccardo Möller},
      year={2016},
      url={https://www.lbf.fraunhofer.de/de/presse/pressearchiv/elastomere-pruefprozess-altern.html}
}

@article{McCullock1943,
  title={A logical calculus of the ideas immanent in nervous activity},
  author={McCulloch, Warren S and Pitts, Walter},
  journal={Bulletin of Mathematical Biophysics},
  volume={5},
  pages={115-133},
  year={1943},
  url={https://doi.org/10.1007/BF02478259}
}

@ARTICLE{MNIST,
  author={Deng, Li},
  journal={IEEE Signal Processing Magazine}, 
  title={The MNIST Database of Handwritten Digit Images for Machine Learning Research [Best of the Web]}, 
  year={2012},
  volume={29},
  number={6},
  pages={141-142},
  doi={10.1109/MSP.2012.2211477}}

@misc{imagenet,
      title={ImageNet Large Scale Visual Recognition Challenge}, 
      author={Olga Russakovsky and Jia Deng and Hao Su and Jonathan Krause and Sanjeev Satheesh and Sean Ma and Zhiheng Huang and Andrej Karpathy and Aditya Khosla and Michael Bernstein and Alexander C. Berg and Li Fei-Fei},
      year={2015},
      eprint={1409.0575},
      archivePrefix={arXiv},
      primaryClass={cs.CV}
}

@online{cpu,
  title = {Intel® Xeon® Gold Prozessor 6250},
  author = {Intel},
  url = {https://ark.intel.com/content/www/de/de/ark/products/198652/intel-xeon-gold-6250-processor-35-75m-cache-3-90-ghz.html},
  note = {Accessed: 03.2024}
}

@online{graphiccard,
  title = {NVIDA A30},
  author = {NVIDIA},
  url = {https://www.nvidia.com/de-de/data-center/products/a30-gpu/},
  note = {Accessed: 03.2024}
}

@online{camera,
  title = {Raspberry Pi High Quality Camera},
  author = {Raspberry pi},
  url = {https://www.raspberrypi.com/products/raspberry-pi-high-quality-camera/},
  note = {Accessed: 03.2024}
}

@Comment{jabref-meta: databaseType:bibtex;}
